<?xml version="1.0" encoding="UTF-8"?><collection xmlns="http://www.loc.gov/MARC21/slim"><record><leader>00366nam--2200133-i-4500</leader><controlfield tag="001">000045293</controlfield><controlfield tag="002">20161230</controlfield><controlfield tag="005">20161230201045</controlfield><controlfield tag="008">060222s1000------------r-----000-0-eng-d</controlfield><datafield ind1=" " ind2=" " tag="080"><subfield code="a">621.396</subfield></datafield><datafield ind1=" " ind2=" " tag="245"><subfield code="a">Technische ph.in einzeldarstellungen. bd.7:grundlagen der hochstfrequenztechnik</subfield></datafield><datafield ind1=" " ind2=" " tag="260"><subfield code="a">Berlin, Springer-verlag, 1950</subfield></datafield><datafield ind1=" " ind2=" " tag="700"><subfield code="a">F.W.Gundlach</subfield></datafield><datafield ind1=" " ind2=" " tag="852"><subfield code="a">35851</subfield></datafield></record></collection>